<?xml version="1.0" encoding="UTF-8"?><collection xmlns="http://www.loc.gov/MARC21/slim"><record><leader>00444nam--2200169-i-4500</leader><controlfield tag="001">000045559</controlfield><controlfield tag="002">20161230</controlfield><controlfield tag="005">20161230201045</controlfield><controlfield tag="008">060222s1000------------r-----000-0-eng-d</controlfield><datafield ind1=" " ind2=" " tag="040"><subfield code="a">IFIN-HH</subfield></datafield><datafield ind1=" " ind2=" " tag="080"><subfield code="a">539.12.172</subfield></datafield><datafield ind1="1" ind2=" " tag="100"><subfield code="a">Turchetti, G</subfield></datafield><datafield ind1="1" ind2="0" tag="245"><subfield code="a">Matrix pade`s approsimants in n scattering</subfield><subfield code="c">G. turchetti</subfield></datafield><datafield ind1=" " ind2=" " tag="260"><subfield code="a">Bologna</subfield><subfield code="b">University Of Bologna</subfield><subfield code="c">/F.An</subfield></datafield><datafield ind1=" " ind2=" " tag="300"><subfield code="a">10P</subfield></datafield><datafield ind1=" " ind2=" " tag="852"><subfield code="a">38553</subfield><subfield code="c">539.12</subfield></datafield><datafield ind1=" " ind2=" " tag="CAT"><subfield code="a">Sys</subfield><subfield code="c">20111123</subfield><subfield code="h">111900</subfield></datafield></record></collection>